%% This BibTeX bibliography file was created using BibDesk.
%% http://bibdesk.sourceforge.net/


%% Created for Sanjay Kairam at 2013-05-31 15:50:06 -0700 


%% Saved with string encoding Unicode (UTF-8) 



@techreport{census2010,
	Author = {Matthew W. Brault},
	Date-Added = {2013-05-31 22:27:47 +0000},
	Date-Modified = {2013-05-31 22:28:40 +0000},
	Institution = {U.S. Census Bureau},
	Month = {July},
	Title = {Americans With Disabilities: 2010},
	Year = {2012}}

@article{venkatagiri1993,
	Author = {Venkatagiri, H.S.},
	Date-Added = {2013-05-31 22:26:44 +0000},
	Date-Modified = {2013-05-31 22:27:20 +0000},
	Journal = {Augmentative and Alternative Communication},
	Pages = {161-167},
	Title = {Efficiency of lexical prediction as a communication acceleration technique},
	Volume = {9},
	Year = {1993}}

@article{koester1994,
	Author = {Koester, H.H.and Levine, S.},
	Date-Added = {2013-05-31 22:25:52 +0000},
	Date-Modified = {2013-05-31 22:26:38 +0000},
	Journal = {IEEE Transactions on Rehabilitation Engineering},
	Number = {3},
	Pages = {177-187},
	Title = {Modeling the speed of text entry with a word prediction interface.},
	Volume = {2},
	Year = {1994}}

@conference{Ahlberg1994,
	Address = {Boston, MA, USA},
	Author = {Christopher Ahlberg and Ben Shneiderman},
	Date-Added = {2012-09-19 20:48:42 +0000},
	Date-Modified = {2012-09-19 20:48:42 +0000},
	Month = {April},
	Organization = {ACM},
	Pages = {313-317},
	Series = {Human Factors in Computing Systems (CHI 1994)},
	Title = {Visual Information Seeking: Tight Coupling of Dynamic Query Filters with Starfield Displays},
	Year = {1994}}

@inbook{Clark1991,
	Author = {Herbert H. Clark and Susan A. Brennan},
	Chapter = {Grounding in communication},
	Date-Added = {2012-09-19 20:48:42 +0000},
	Date-Modified = {2012-09-19 20:48:42 +0000},
	Editor = {L.B. Resnick and J.M. Levine and S.D. Teasley},
	Number = {7},
	Publisher = {APA Books},
	Title = {Perspectives on socially shared cognition},
	Year = {1991}}

@conference{Polacek2011,
	Address = {Dundee, Scotland, UK},
	Author = {Ond{\v r}ej Pol{\'a}{\v c}ek and Zden{\v e}k M{\'\i}kovec and Adam J. Sporka and Pavel Slav{\'\i}k},
	Date-Added = {2012-09-19 20:48:42 +0000},
	Date-Modified = {2012-09-19 20:48:42 +0000},
	Month = {October},
	Organization = {ACM},
	Pages = {75-82},
	Series = {ASSETS '11},
	Title = {Humsher: A Predictive Keyboard Operated by Humming},
	Year = {2011}}

@conference{Roark2011,
	Address = {Edinburgh, Scotland, UK},
	Author = {Brian Roark and Andrew Folwer and Richard Sproat and Christopher Gibbons and Melanie Fried-Oken},
	Date-Added = {2012-09-19 20:48:42 +0000},
	Date-Modified = {2012-09-19 20:48:42 +0000},
	Month = {July},
	Organization = {ACL},
	Pages = {22-31},
	Series = {2nd Workshop on Speech and Language Processing for Assistive Technologies (SLPAT '11)},
	Title = {Towards technology-assisted co-construction with communication partners},
	Year = {2011}}

@article{Trnka2009,
	Author = {Keith Trnka and John McCaw and Debra Yarrington and Kathleen F. McCoy AND Christopher Pennington},
	Date-Added = {2012-09-19 20:48:42 +0000},
	Date-Modified = {2012-09-19 20:48:42 +0000},
	Journal = {ACM Transactions on Accessible Computing},
	Month = {February},
	Number = {3},
	Pages = {Article 17},
	Title = {User Interaction with Word Prediction: The Effects of Prediction Quality},
	Volume = {1},
	Year = {2009}}

@article{Wattenberg2008,
	Author = {Martin Wattenberg and Fernanda B. Vi{\'e}gas},
	Date-Added = {2012-09-19 20:48:42 +0000},
	Date-Modified = {2012-09-19 20:48:42 +0000},
	Journal = {IEEE Transactions on Visualization and Computer Graphics},
	Month = {Nov/Dec},
	Number = {6},
	Pages = {1221-1228},
	Title = {The Word Tree, an Interactive Visual Concordance},
	Volume = {14},
	Year = {2008}}

@misc{ASHA2005,
	Author = {American Speech-Language-Hearing Association (ASHA)},
	Date-Added = {2012-09-19 19:50:41 +0000},
	Date-Modified = {2012-09-19 20:00:51 +0000},
	Howpublished = {Position Statement},
	Lastchecked = {Sept. 2012},
	Title = {Roles and responsibilities of speech-language pathologists with respect to augmentative and alternative communication: position statement},
	Url = {http://www.asha.org/policy},
	Year = {2005},
	Bdsk-Url-1 = {http://www.asha.org/policy}}

@article{Vanderheiden2002,
	Author = {Vanderheiden, Gregg C.},
	Date-Added = {2012-09-19 19:52:59 +0000},
	Date-Modified = {2012-09-19 20:01:08 +0000},
	Journal = {Journal of Rehabilitation Research \& Development},
	Month = {Nov/Dec},
	Number = {6},
	Pages = {39-53},
	Title = {A journey through early augmentative communication and computer access},
	Volume = {39},
	Year = {2002}}

@article{Gale95good-turingsmoothing,
	Author = {William A. Gale},
	Journal = {Journal of Quantitative Linguistics},
	Title = {Good-Turing smoothing without tears},
	Volume = {2},
	Year = {1995}}

@misc{google1T,
	Address = {~},
	Author = {Thorsten Brants, Alex Franz},
	Comments = {1 Terabyte of general Web data ngrams.},
	Entered-By = {Andreas Paepcke},
	Howpublished = {http://www.ldc.upenn.edu/Catalog/CatalogEntry.jsp?catalogId=LDC2006T13},
	Month = {September},
	Title = {Web 1T 5-gram Version 1},
	Year = {2006}}

@misc{dmoz,
	Address = {DMOZ Open Directory Project},
	Author = {~},
	Entered-By = {Andreas Paepcke},
	Howpublished = {http://www.dmoz.org/},
	Month = {April},
	Title = {The {O}pen {D}irectory {P}roject},
	Year = {2013}}

@misc{tokenizer,
	Address = {The Stanford Natural Language Processing Group},
	Author = {Christopher Manning and Tim Grow and Teg Grenager and Jenny Finkel and John Bauer},
	Entered-By = {Andreas Paepcke},
	Howpublished = {http://nlp.stanford.edu/software/},
	Month = {~},
	Title = {Stanford Tokenizer},
	Year = {2013}}

@article{PorterStemmerAlgorithm,
	Added-At = {2006-12-01T09:46:23.000+0100},
	Author = {van Rijsbergen, C.J. and Robertson, S.E. and Porter, M.F.},
	Biburl = {http://www.bibsonomy.org/bibtex/26210793c929dd488ed9fba558af63c32/apo},
	Interhash = {6872d39130f291a63d04e17fb01116b9},
	Intrahash = {6210793c929dd488ed9fba558af63c32},
	Keywords = {stemmer da porter},
	Publisher = {London: British Library. (British Library Research and Development Report, no. 5587)},
	Timestamp = {2006-12-01T09:46:23.000+0100},
	Title = {New models in probabilistic information retrieval},
	Year = 1980}

@misc{fisher1,
	Address = {Linguistic Data Consortium, Philadelphia},
	Author = {Christopher Cieri and David Graff and Owen Kimball and Dave Miller and Kevin Walker},
	Entered-By = {Andreas Paepcke},
	Howpublished = {http://www.ldc.upenn.edu/Catalog/catalogEntry.jsp?catalogId=LDC2004T19},
	Month = {December},
	Title = {Fisher English Training Speech Part 1 Transcripts},
	Year = {2004}}

@misc{fisher2,
	Address = {Linguistic Data Consortium, Philadelphia},
	Author = {Christopher Cieri and David Graff and Owen Kimball and Dave Miller and Kevin Walker},
	Entered-By = {Andreas Paepcke},
	Howpublished = {http://www.ldc.upenn.edu/Catalog/catalogEntry.jsp?catalogId=LDC2005T19},
	Month = {April},
	Title = {Fisher English Training Part 2, Transcripts},
	Year = {2005}}

@misc{henryBlog,
	Address = {~},
	Author = {Henry Evans},
	Entered-By = {Andreas Paepcke},
	Howpublished = {http://hevans-hevans.blogspot.com/},
	Month = {May},
	Title = {Hevans},
	Year = {2013}}
