
@MISC{enron
  ,author = "The CALO Project"
  ,title = "The Enron Email Dataset"
  ,year = "2009"
  ,month = "August"
  ,howpublished = "World-Wide Web"
  ,url = "http://www.cs.cmu.edu/~enron/"
  ,note = "Archived by WebCite® at http://www.webcitation.org/6AniNSXC6. Accessed: 2012-09-19"
  ,entered-by = "Andreas Paepcke"
  ,found-in = "~"
  ,status = "~"
  ,keywords = "~"
  ,comments = {~}
  }


@MISC{anc
  ,author = "The American National Corpus Project"
  ,title = "The American National Corpus"
  ,year = "2012"
  ,howpublished = "World-Wide Web"
  ,url = "http://www.americannationalcorpus.org/"
  ,note = "Archived by WebCite® at http://www.webcitation.org/6AnivCgHX. Accessed: 2012-09-19"
  ,entered-by = "Andreas Paepcke"
  ,found-in = "~"
  ,status = "~"
  ,keywords = "~"
  ,comments = {~}
  }
