%% This BibTeX bibliography file was created using BibDesk.
%% http://bibdesk.sourceforge.net/


%% Created for Sanjay Kairam at 2012-09-19 13:48:53 -0700 


%% Saved with string encoding Unicode (UTF-8) 



@conference{Ahlberg1994,
	Address = {Boston, MA, USA},
	Author = {Christopher Ahlberg and Ben Shneiderman},
	Date-Added = {2012-09-19 20:48:42 +0000},
	Date-Modified = {2012-09-19 20:48:42 +0000},
	Month = {April},
	Organization = {ACM},
	Pages = {313-317},
	Series = {Human Factors in Computing Systems (CHI 1994)},
	Title = {Visual Information Seeking: Tight Coupling of Dynamic Query Filters with Starfield Displays},
	Year = {1994}}

@inbook{Clark1991,
	Author = {Herbert H. Clark and Susan A. Brennan},
	Chapter = {Grounding in communication},
	Date-Added = {2012-09-19 20:48:42 +0000},
	Date-Modified = {2012-09-19 20:48:42 +0000},
	Editor = {L.B. Resnick and J.M. Levine and S.D. Teasley},
	Number = {7},
	Publisher = {APA Books},
	Title = {Perspectives on socially shared cognition},
	Year = {1991}}

@conference{Polacek2011,
	Address = {Dundee, Scotland, UK},
	Author = {Ond{\v r}ej Pol{\'a}{\v c}ek and Zden{\v e}k M{\'\i}kovec and Adam J. Sporka and Pavel Slav{\'\i}k},
	Date-Added = {2012-09-19 20:48:42 +0000},
	Date-Modified = {2012-09-19 20:48:42 +0000},
	Month = {October},
	Organization = {ACM},
	Pages = {75-82},
	Series = {ASSETS '11},
	Title = {Humsher: A Predictive Keyboard Operated by Humming},
	Year = {2011}}

@conference{Roark2011,
	Address = {Edinburgh, Scotland, UK},
	Author = {Brian Roark and Andrew Folwer and Richard Sproat and Christopher Gibbons and Melanie Fried-Oken},
	Date-Added = {2012-09-19 20:48:42 +0000},
	Date-Modified = {2012-09-19 20:48:42 +0000},
	Month = {July},
	Organization = {ACL},
	Pages = {22-31},
	Series = {2nd Workshop on Speech and Language Processing for Assistive Technologies (SLPAT '11)},
	Title = {Towards technology-assisted co-construction with communication partners},
	Year = {2011}}

@article{Trnka2009,
	Author = {Keith Trnka and John McCaw and Debra Yarrington and Kathleen F. McCoy AND Christopher Pennington},
	Date-Added = {2012-09-19 20:48:42 +0000},
	Date-Modified = {2012-09-19 20:48:42 +0000},
	Journal = {ACM Transactions on Accessible Computing},
	Month = {February},
	Number = {3},
	Pages = {Article 17},
	Title = {User Interaction with Word Prediction: The Effects of Prediction Quality},
	Volume = {1},
	Year = {2009}}

@article{Wattenberg2008,
	Author = {Martin Wattenberg and Fernanda B. Vi{\'e}gas},
	Date-Added = {2012-09-19 20:48:42 +0000},
	Date-Modified = {2012-09-19 20:48:42 +0000},
	Journal = {IEEE Transactions on Visualization and Computer Graphics},
	Month = {Nov/Dec},
	Number = {6},
	Pages = {1221-1228},
	Title = {The Word Tree, an Interactive Visual Concordance},
	Volume = {14},
	Year = {2008}}

@misc{enron,
	Author = {The CALO Project},
	Comments = {~},
	Entered-By = {Andreas Paepcke},
	Found-In = {~},
	Howpublished = {World-Wide Web},
	Keywords = {~},
	Month = {August},
	Note = {Archived by WebCite{\textregistered} at http://www.webcitation.org/6AniNSXC6. Accessed: 2012-09-19},
	Status = {~},
	Title = {The Enron Email Dataset},
	Url = {http://www.cs.cmu.edu/~enron/},
	Year = {2009},
	Bdsk-Url-1 = {http://www.cs.cmu.edu/~enron/}}

@misc{anc,
	Author = {The American National Corpus Project},
	Comments = {~},
	Entered-By = {Andreas Paepcke},
	Found-In = {~},
	Howpublished = {World-Wide Web},
	Keywords = {~},
	Note = {Archived by WebCite{\textregistered} at http://www.webcitation.org/6AnivCgHX. Accessed: 2012-09-19},
	Status = {~},
	Title = {The American National Corpus},
	Url = {http://www.americannationalcorpus.org/},
	Year = {2012},
	Bdsk-Url-1 = {http://www.americannationalcorpus.org/}}

@ARTICLE{Gale95good-turingsmoothing,
    author = {William A. Gale},
    title = {Good-Turing smoothing without tears},
    journal = {Journal of Quantitative Linguistics},
    year = {1995},
    volume = {2}
}


@MISC{google1T
  ,author = "Thorsten Brants, Alex Franz"
  ,title = "Web 1T 5-gram Version 1"
  ,year = "2006"
  ,month = "September"
  ,howpublished = "http://www.ldc.upenn.edu/Catalog/CatalogEntry.jsp?catalogId=LDC2006T13"
  ,address = "~"
  ,entered-by = "Andreas Paepcke"
  ,comments = {1 Terabyte of general Web data ngrams.}
  }


@MISC{dmoz
  ,author = "DMOZ Open Directory Project"
  ,title = "The Open Directory Project"
  ,year = "2013"
  ,month = "April"
  ,howpublished = "http://www.dmoz.org/"
  ,address = "~"
  ,entered-by = "Andreas Paepcke"
  }



@MISC{tokenizer
  ,author = "Christopher Manning and Tim Grow and Teg Grenager and Jenny Finkel and John Bauer"
  ,title = "Stanford Tokenizer"
  ,year = "2013"
  ,month = "~"
  ,howpublished = "http://nlp.stanford.edu/software/"
  ,address = "The Stanford Natural Language Processing Group"
  ,entered-by = "Andreas Paepcke"
  }


@article{PorterStemmerAlgorithm,
  added-at = {2006-12-01T09:46:23.000+0100},
  author = {van Rijsbergen, C.J. and Robertson, S.E. and Porter, M.F.},
  biburl = {http://www.bibsonomy.org/bibtex/26210793c929dd488ed9fba558af63c32/apo},
  interhash = {6872d39130f291a63d04e17fb01116b9},
  intrahash = {6210793c929dd488ed9fba558af63c32},
  keywords = {stemmer da porter},
  publisher = {London: British Library. (British Library Research and Development Report, no. 5587)},
  timestamp = {2006-12-01T09:46:23.000+0100},
  title = {New models in probabilistic information retrieval},
  year = 1980
}

